<record><leader>00000cas a22000007a 4500</leader><controlfield tag="001">16347426</controlfield><controlfield tag="008">870731d18851901pauwr ne      0    0eng d</controlfield><datafield ind1=" " ind2=" " tag="010"><subfield code="a">sn 87080466 </subfield></datafield><datafield ind1=" " ind2=" " tag="040"><subfield code="a">NPH</subfield><subfield code="b">eng</subfield><subfield code="c">NPH</subfield><subfield code="d">OCLCQ</subfield></datafield><datafield ind1=" " ind2=" " tag="042"><subfield code="a">msc</subfield></datafield><datafield ind1="0" ind2=" " tag="130"><subfield code="a">Weekly record (Brockwayville, Pa.)</subfield></datafield><datafield ind1="1" ind2="0" tag="245"><subfield code="a">Weekly record.</subfield></datafield><datafield ind1="3" ind2="0" tag="246"><subfield code="a">Brockwayville weekly record</subfield></datafield><datafield ind1="1" ind2="3" tag="246"><subfield code="a">Brockwayville record</subfield></datafield><datafield ind1=" " ind2=" " tag="260"><subfield code="a">Brockwayville, Pa. :</subfield><subfield code="b">Butler &amp; Niver,</subfield><subfield code="c">-1901.</subfield></datafield><datafield ind1=" " ind2=" " tag="300"><subfield code="a">v.</subfield></datafield><datafield ind1=" " ind2=" " tag="310"><subfield code="a">Weekly</subfield></datafield><datafield ind1="1" ind2=" " tag="362"><subfield code="a">Began in 1885?</subfield></datafield><datafield ind1="0" ind2=" " tag="362"><subfield code="a">-v. 16, no. 4[3] (Dec. 6, 1901).</subfield></datafield><datafield ind1=" " ind2=" " tag="500"><subfield code="a">The word "Brockwayville" printed above masthead ornament, &lt;1887-1898, 1899-1900&gt;.</subfield></datafield><datafield ind1=" " ind2=" " tag="500"><subfield code="a">Published as: Brockwayville record, Dec. 21, 1898-Feb. 3, 1899.</subfield></datafield><datafield ind1=" " ind2=" " tag="588"><subfield code="a">Description based on: Vol. 2, no. 50 (Jan. 15, 1887).</subfield></datafield><datafield ind1=" " ind2=" " tag="752"><subfield code="a">United States</subfield><subfield code="b">Pennsylvania</subfield><subfield code="c">Jefferson</subfield><subfield code="d">Brockway.</subfield></datafield><datafield ind1=" " ind2=" " tag="752"><subfield code="a">United States</subfield><subfield code="b">Pennsylvania</subfield><subfield code="c">Jefferson</subfield><subfield code="d">Brockwayville.</subfield></datafield><datafield ind1="0" ind2="0" tag="785"><subfield code="t">Brockwayville record</subfield><subfield code="w">(DLC)sn 87078266</subfield></datafield></record>